@book{ProgrammingPython,
    author      = "Mark Lutz",
    title       = "Programming Python",
    year        = "2006",
    publisher   = "O'Reilly Media"
}

@book{LearningPython3rd,
    author      = "Mark Lutz",
    title       = "Learning Python",
    year        = "2007",
    publisher   = "O'Reilly Media",
    edition     = "3rd"
}

@book{LearningPython4th,
    author      = "Mark Lutz",
    title       = "Learning Python",
    year        = "2009",
    publisher   = "O'Reilly Media",
    edition     = "4th"
}

@misc{website:Python272docs,
    title       = "Python v2.7.2 documenation",
    month       = "June",
    year        = "2011",
    howpublished= "\url{http://docs.python.org/}"
}

@misc{website:Python3docs,
    title       = "Python v3 documenation",
    month       = "June",
    year        = "2011",
    howpublished= "\url{http://docs.python.org/py3k/}"
}

@misc{website:GooglePythonClass,
    title       = "{Google's Python Class}",
    month       = "June",
    year        = "2011",
    howpublished= "\url{http://code.google.com/edu/languages/google-python-class/}"
}

@misc{website:OCW,
    title       = "{MIT Open Course Ware}",
    month       = "June",
    year        = "2011",
    howpublished= "\url{http://ocw.mit.edu}"
}

@misc{website:wikipedia,
    title       = "{Wikipedia}",
    month       = "June",
    year        = "2011",
    howpublished= "\url{http://en.wikipedia.org}"
}

@misc{website:matplotlib,
    title       = "{matplotlib: python plotting}",
    month       = "June",
    year        = "2011",
    howpublished= "\url{http://matplotlib.sourceforge.net/index.html}"
}

@misc{website:scipy,
    title       = "{SciPy}",
    month       = "June",
    year        = "2011",
    howpublished="\url{http://www.scipy.org/}"
}

@misc{website:spyder,
    title       = "{spyderlib - Spyder is the Scientific PYthon Development EnviRonment}",
    month       = "June",
    year        = "2011",
    howpublished="\url{http://code.google.com/p/spyderlib/}"
}

@Article{ipython,
  Author         = {P\'erez, Fernando and Granger, Brian E.},
  Title          = {{IP}ython: a {S}ystem for {I}nteractive {S}cientific
                   {C}omputing},
  Journal        = {{C}omput. {S}ci. {E}ng.},
  Volume         = {9},
  Number         = {3},
  Pages          = {21-29},
  month          = may,
  year           = 2007,
  url            = "http://ipython.scipy.org",
}

@misc{website:pep257,
    title       = "{PEP 257 -- Docstring Conventions}",
    month       = "July",
    year        = "2011",
    howpublished="\url{http://www.python.org/dev/peps/pep-0257/}"
}
